1500 2050
659 276 701 301 IN
727 276 842 312 cmm
1097 276 1126 300 ει

368 341 457 363 alteram
466 341 516 363 Juni
526 341 635 364 Parrhasii
646 345 668 364 et
676 342 747 364 Paulli
757 342 862 371 Leopardi
873 342 1027 364 correctionem
1038 344 1129 365 taceam,

368 375 461 407 plurima
470 382 592 400 correxerat
600 379 623 400 in
634 378 729 401 Miscell.
738 378 916 408 Epiphy11.vnl,
926 379 954 400 23
964 386 1013 407 sqq.
1019 377 1068 399 Jnc.
1078 377 1129 399 Nic.

368 414 466 440 Loensis,
477 415 514 444 qui
524 415 552 437 ab
562 416 634 437 amieo
644 416 759 445 Iueopsrdo
770 417 893 445 exemplum
902 416 960 437 Ciris
974 417 1088 443 acceperat
1102 421 1129 435 ex

368 451 441 480 prisca
450 451 545 473 editione
555 452 696 481 descriptum.
707 452 783 474 addita
792 454 839 482 ejus
848 452 999 482 castigatione.
1024 451 1087 472 Hanc
1097 450 1130 479 ip-

368 495 415 509 sam
422 488 541 510 editionem
551 488 712 511 Catalectorum
722 490 821 518 intelligo
831 490 898 511 fuisse
908 489 975 514 illam,
986 495 1052 517 quam
1062 487 1130 509 Hein-

369 525 415 546 sius
425 525 463 546 diu
479 533 503 547 se
513 526 592 547 frustra
601 527 728 555 quaesivisse
743 527 774 548 sit
788 527 810 547 in
821 526 892 555 Epist.
901 526 930 547 ad
941 525 1059 547 Daumium
1067 524 1130 545 Τοπι-

368 561 389 582 V
400 561 501 591 Sylloges
511 562 629 584 Burmann.
644 570 666 592 p.
676 564 729 590 2183
745 571 795 585 nam
805 563 907 584 Barthius
922 562 945 583 in
956 561 1091 583 Adversariis
1105 567 1131 582 ea

369 605 414 619 non
424 598 471 627 ipse
481 606 533 620 usus
543 602 585 624 est,
595 599 634 621 sed
645 599 673 620 ad
683 599 773 621 Loensis
783 600 849 621 fidem
858 603 970 629 provocat.
1000 598 1026 619 ln
1035 597 1130 618 Miscell.

369 635 436 657 obss.
446 635 496 657 Vol.
506 636 539 657 1v
548 636 597 658 loon
608 637 713 658 nonnulla
719 644 746 658 ex
755 637 801 658 Ciri
811 639 954 658 retractarunt
959 635 998 656 viri
1008 634 1080 656 docti:
1091 633 1131 655 sed

369 672 458 693 levioris
468 672 512 694 sere
519 673 631 694 momenti.

399 709 456 731 Cum
466 717 480 731 s
495 710 581 731 nemine
591 710 663 731 adhuc
677 717 764 739 operam
779 710 852 732 datam
861 710 963 734 viderem,
978 712 1003 730 ut
1012 708 1131 730 lectionum

370 745 467 774 origines
477 749 499 768 et
509 754 598 768 caussas
613 746 738 775 indagaret:
753 747 849 768 studium
863 747 885 768 in
900 754 925 768 en
940 753 963 767 re
978 744 1041 774 posui
1056 743 1131 773 princi-

370 790 445 811 puum.
455 783 497 804 etsi
507 790 541 804 res
550 783 656 804 molestiae
665 783 715 812 plus
724 791 790 812 quam
799 783 857 804 credi
866 785 939 812 potest
945 782 1041 803 heberet.
1057 780 1131 805 Quan-

370 818 490 848 doquidem
501 822 573 840 autem
583 819 634 841 inde
642 819 797 845 intellexeram,
804 819 907 841 librorum
916 818 1047 847 scriptorum
1057 819 1132 838 aucto-

371 855 457 877 ritatem
475 863 515 877 nos
534 856 579 878 sere
594 856 686 878 deficere
695 865 700 878 :
720 856 857 885 conjectandi
874 856 968 878 licentiae
983 854 1093 876 materiem
1108 853 1132 874 in

371 892 414 914 hoc
425 892 499 914 libello
509 893 607 915 relictam
617 893 681 915 nobis
691 901 739 915 esse
749 894 823 923 putavi
833 897 894 915 tanto
904 893 1015 921 majorem.
1044 891 1078 912 Es
1092 891 1133 911 ita-

371 937 414 958 que
424 930 455 951 ita
465 937 517 951 usus
532 938 588 956 sum¹
603 934 634 956 ut,
650 938 715 959 quam
729 931 778 952 aliis
789 930 872 952 veniam
887 929 992 954 dederim,
1002 927 1098 949 vicissim
1110 928 1133 947 et

372 967 425 988 mihi
435 967 477 996 ipsi
486 975 499 989 a
508 967 560 989 viris
570 967 642 989 doctis
652 971 732 996 petam.

496 1004 510 1018 ι
597 1004 611 1018 ι
697 1003 712 1018 ι
797 1004 811 1017 ο
896 1004 911 1017 ο
997 1002 1010 1015 ι

402 1032 428 1053 In
444 1039 501 1054 nova
513 1032 640 1054 recensione
650 1032 701 1053 anni
712 1032 853 1053 LXXXVIII
864 1032 892 1053 ad
906 1038 983 1053 manus
998 1030 1056 1051 suere
1066 1028 1134 1050 Sche-

373 1068 408 1089 dae
419 1068 551 1094 Heiusianae.
566 1069 594 1090 de
609 1069 689 1097 quibus
704 1076 769 1098 supra
778 1069 806 1090 ad
819 1068 918 1090 Culicem
933 1067 1016 1089 dictum
1031 1070 1072 1091 est,
1087 1070 1134 1087 tum

372 1104 387 1126 J
390 1112 410 1126 o.
421 1104 546 1131 Schmderi3
561 1105 596 1126 11ae
610 1108 683 1126 tamen
698 1108 743 1126 tam
753 1106 843 1127 moleste
853 1113 879 1127 ao
888 1105 989 1134 perplexe
1000 1103 1093 1132 scriptae,
1109 1105 1134 1124 ut

374 1142 401 1163 iis
411 1141 543 1163 extrioandis
552 1149 629 1163 vacare
638 1142 674 1163 vix
683 1149 785 1170 possem;
800 1142 905 1171 imprimis
915 1148 965 1163 cum
978 1140 1001 1161 in
1012 1140 1079 1161 Cirim
1089 1147 1134 1160 rne-

373 1178 428 1200 liors
433 1179 481 1207 jrun
490 1178 537 1207 ipse
547 1178 570 1199 in
580 1178 775 1200 Emendationibus
782 1179 900 1208 vulgasset.
923 1177 980 1199 Cum
990 1184 1003 1199 a
1012 1177 1057 1198 viro
1067 1177 1133 1198 docto
1157 1203 1161 1207 y

374 1215 472 1236 Eduardo
483 1215 584 1244 Bumoby
596 1214 663 1236 Grau
677 1215 705 1236 ad
715 1216 797 1237 calcem
812 1215 923 1244 Apollonii
941 1214 1022 1235 Rhodii
1032 1213 1057 1234 T.
1068 1213 1078 1234 1
1088 1220 1134 1234 ver-

372 1260 420 1274 sum
429 1252 452 1273 in
463 1252 581 1280 Anglieum
591 1259 712 1273 sermonem
722 1251 790 1273 Cirim
800 1251 931 1276 recordarer,
949 1250 1023 1272 multis
1034 1249 1135 1271 emendu-

374 1289 471 1311 tionibus
490 1289 597 1318 appositis
616 1289 703 1316 (1780):
718 1289 757 1310 has
772 1288 861 1317 quidem
879 1290 966 1309 enotare
985 1286 1135 1311 instituerum;

374 1333 426 1348 mox
435 1329 507 1348 tumen
523 1326 581 1348 sensi
597 1326 680 1348 calamo
696 1325 780 1347 frenum
794 1325 906 1353 injectum,
921 1331 971 1345 oum
985 1330 1097 1352 perpaucas
1112 1322 1135 1343 in

375 1364 402 1385 iis
419 1363 471 1389 sint,
486 1371 535 1392 quse
545 1364 652 1386 sermonis
661 1363 730 1385 indoli
739 1361 870 1385 conveniant
879 1364 918 1383 aut
932 1359 1062 1382 sententiam
1071 1366 1136 1387 expe-

374 1401 444 1422 ditam
458 1400 559 1423 habeant.
