<?xml version="1.0" encoding="UTF-8"?>
<!DOCTYPE html PUBLIC "-//W3C//DTD XHTML 1.0 Transitional//EN"
    "http://www.w3.org/TR/xhtml1/DTD/xhtml1-transitional.dtd">
<html xmlns="http://www.w3.org/1999/xhtml" xml:lang="en" lang="en">
 <head>
  <title>
</title>
<meta http-equiv="Content-Type" content="text/html;charset=utf-8" />
  <meta name='ocr-system' content='tesseract 3.04.00' />
  <meta name='ocr-capabilities' content='ocr_page ocr_carea ocr_par ocr_line ocrx_word'/>
</head>
<body>
  <div class='ocr_page' id='page_1' title='image "./pvirgiliusmarov01heyngoog_0182.png"; bbox 0 0 1500 2050; ppageno 0'>
   <div class='ocr_carea' id='block_1_1' title="bbox 372 284 970 310">
    <p class='ocr_par' dir='ltr' id='par_1_1' title="bbox 372 284 970 310">
     <span class='ocr_line' id='line_1_1' title="bbox 372 284 970 310; baseline -0.002 0"><span class='ocrx_word' id='word_1_1' title='bbox 372 288 418 310; x_wconf 92' lang='grc'>170</span> <span class='ocrx_word' id='word_1_2' title='bbox 518 284 746 310; x_wconf 83' lang='lat' dir='ltr'>PROOEMIUM</span> <span class='ocrx_word' id='word_1_3' title='bbox 770 284 810 308; x_wconf 91' lang='lat' dir='ltr'>IN</span> <span class='ocrx_word' id='word_1_4' title='bbox 833 284 970 309; x_wconf 85' lang='lat' dir='ltr'>COPAM</span> 
     </span>
    </p>
   </div>
   <div class='ocr_carea' id='block_1_2' title="bbox 363 350 1141 1042">
    <p class='ocr_par' dir='ltr' id='par_1_2' title="bbox 363 350 1137 778">
     <span class='ocr_line' id='line_1_2' title="bbox 397 350 1137 379; baseline -0.001 -7"><span class='ocrx_word' id='word_1_5' title='bbox 397 351 489 372; x_wconf 77' lang='lat' dir='ltr'>Carmen</span> <span class='ocrx_word' id='word_1_6' title='bbox 495 350 589 379; x_wconf 79' lang='lat' dir='ltr'>Virgilio</span> <span class='ocrx_word' id='word_1_7' title='bbox 597 351 662 379; x_wconf 76' lang='lat' dir='ltr'>vulgo</span> <span class='ocrx_word' id='word_1_8' title='bbox 672 350 770 372; x_wconf 76' lang='lat' dir='ltr'>tribuunt</span> <span class='ocrx_word' id='word_1_9' title='bbox 780 350 875 375; x_wconf 85' lang='lat' dir='ltr'>codices,</span> <span class='ocrx_word' id='word_1_10' title='bbox 883 350 921 379; x_wconf 90' lang='lat' dir='ltr'>qui</span> <span class='ocrx_word' id='word_1_11' title='bbox 929 350 1014 371; x_wconf 85' lang='lat' dir='ltr'>minora</span> <span class='ocrx_word' id='word_1_12' title='bbox 1022 351 1137 379; x_wconf 71' lang='lat' dir='ltr'>poematia</span> 
     </span>
     <span class='ocr_line' id='line_1_3' title="bbox 368 386 1137 416; baseline 0 -8"><span class='ocrx_word' id='word_1_13' title='bbox 368 388 488 413; x_wconf 82' lang='lat' dir='ltr'>continent,</span> <span class='ocrx_word' id='word_1_14' title='bbox 498 387 563 409; x_wconf 80' lang='lat' dir='ltr'>etium</span> <span class='ocrx_word' id='word_1_15' title='bbox 572 387 733 409; x_wconf 76' lang='lat' dir='ltr'>Grammaticus</span> <span class='ocrx_word' id='word_1_16' title='bbox 744 387 769 412; x_wconf 85' lang='lat' dir='ltr'>is,</span> <span class='ocrx_word' id='word_1_17' title='bbox 780 387 818 416; x_wconf 90' lang='lat' dir='ltr'>qui</span> <span class='ocrx_word' id='word_1_18' title='bbox 828 386 902 409; x_wconf 81' lang='lat' dir='ltr'>Servio</span> <span class='ocrx_word' id='word_1_19' title='bbox 917 387 941 408; x_wconf 92' lang='lat' dir='ltr'>in</span> <span class='ocrx_word' id='word_1_20' title='bbox 951 386 1022 409; x_wconf 77' lang='lat' dir='ltr'>fronte</span> <span class='ocrx_word' id='word_1_21' title='bbox 1032 386 1137 409; x_wconf 79' lang='lat' dir='ltr'>AEneidis</span> 
     </span>
     <span class='ocr_line' id='line_1_4' title="bbox 369 423 1137 453; baseline 0.001 -8"><span class='ocrx_word' id='word_1_22' title='bbox 369 431 421 445; x_wconf 90' lang='lat' dir='ltr'>suos</span> <span class='ocrx_word' id='word_1_23' title='bbox 431 423 524 445; x_wconf 83' lang='lat' dir='ltr'>attexuit</span> <span class='ocrx_word' id='word_1_24' title='bbox 533 431 624 453; x_wconf 84' lang='lat' dir='ltr'>pannos,</span> <span class='ocrx_word' id='word_1_25' title='bbox 637 427 684 445; x_wconf 86' lang='lat' dir='ltr'>tum</span> <span class='ocrx_word' id='word_1_26' title='bbox 699 424 783 453; x_wconf 80' lang='lat' dir='ltr'>gravior</span> <span class='ocrx_word' id='word_1_27' title='bbox 793 424 871 446; x_wconf 83' lang='lat' dir='ltr'>ceteris</span> <span class='ocrx_word' id='word_1_28' title='bbox 881 427 958 445; x_wconf 75' lang='lat' dir='ltr'>auctor</span> <span class='ocrx_word' id='word_1_29' title='bbox 967 423 1080 453; x_wconf 73' lang='lat' dir='ltr'>Sosipater</span> <span class='ocrx_word' id='word_1_30' title='bbox 1089 424 1137 446; x_wconf 79' lang='lat' dir='ltr'>Ca-</span> 
     </span>
     <span class='ocr_line' id='line_1_5' title="bbox 368 460 1136 490; baseline 0.001 -8"><span class='ocrx_word' id='word_1_31' title='bbox 368 461 433 482; x_wconf 86' lang='lat' dir='ltr'>risius</span> <span class='ocrx_word' id='word_1_32' title='bbox 442 460 452 482; x_wconf 89' lang='lat'><em>1</em></span> <span class='ocrx_word' id='word_1_33' title='bbox 468 460 540 482; x_wconf 80' lang='lat' dir='ltr'>Instit.</span> <span class='ocrx_word' id='word_1_34' title='bbox 551 460 646 482; x_wconf 82' lang='lat' dir='ltr'>Gramm.</span> <span class='ocrx_word' id='word_1_35' title='bbox 655 467 705 489; x_wconf 85' lang='lat' dir='ltr'>pag.</span> <span class='ocrx_word' id='word_1_36' title='bbox 715 460 742 482; x_wconf 85' lang='lat'>47</span> <span class='ocrx_word' id='word_1_37' title='bbox 753 460 851 486; x_wconf 69' lang='lat' dir='ltr'>putsch„</span> <span class='ocrx_word' id='word_1_38' title='bbox 865 460 916 482; x_wconf 90' lang='lat' dir='ltr'>ubi:</span> <span class='ocrx_word' id='word_1_39' title='bbox 931 468 988 489; x_wconf 81' lang='lat' dir='ltr'>cupo,</span> <span class='ocrx_word' id='word_1_40' title='bbox 1002 461 1090 490; x_wconf 75' lang='lat' dir='ltr'>cupom&#39;s,</span> <span class='ocrx_word' id='word_1_41' title='bbox 1100 461 1136 483; x_wconf 87' lang='lat' dir='ltr'>in-</span> 
     </span>
     <span class='ocr_line' id='line_1_6' title="bbox 369 497 1137 527; baseline 0.001 -8"><span class='ocrx_word' id='word_1_42' title='bbox 369 498 423 527; x_wconf 83' lang='lat' dir='ltr'>quit,</span> <span class='ocrx_word' id='word_1_43' title='bbox 441 501 464 519; x_wconf 79' lang='lat' dir='ltr'>nt</span> <span class='ocrx_word' id='word_1_44' title='bbox 471 497 537 526; x_wconf 80' lang='lat' dir='ltr'>fullo,</span> <span class='ocrx_word' id='word_1_45' title='bbox 545 497 641 527; x_wconf 81' lang='lat' dir='ltr'>fullonis,</span> <span class='ocrx_word' id='word_1_46' title='bbox 654 497 745 526; x_wconf 70' lang='lat' dir='ltr'>quamvis</span> <span class='ocrx_word' id='word_1_47' title='bbox 758 497 854 527; x_wconf 71' lang='lat' dir='ltr'>Virgilius</span> <span class='ocrx_word' id='word_1_48' title='bbox 862 497 936 519; x_wconf 83' lang='lat' dir='ltr'>librum</span> <span class='ocrx_word' id='word_1_49' title='bbox 944 505 1002 520; x_wconf 73' lang='lat' dir='ltr'>suum</span> <span class='ocrx_word' id='word_1_50' title='bbox 1012 497 1094 527; x_wconf 75' lang='lat' dir='ltr'>Cupmn</span> <span class='ocrx_word' id='word_1_51' title='bbox 1102 498 1137 520; x_wconf 76' lang='lat' dir='ltr'>in-</span> 
     </span>
     <span class='ocr_line' id='line_1_7' title="bbox 368 534 1135 564; baseline 0.001 -8"><span class='ocrx_word' id='word_1_52' title='bbox 368 535 472 563; x_wconf 72' lang='lat' dir='ltr'>scripserit.</span> <span class='ocrx_word' id='word_1_53' title='bbox 501 534 583 556; x_wconf 80' lang='lat' dir='ltr'>Vereor</span> <span class='ocrx_word' id='word_1_54' title='bbox 593 538 673 559; x_wconf 73' lang='lat' dir='ltr'>tamen,</span> <span class='ocrx_word' id='word_1_55' title='bbox 689 541 716 556; x_wconf 88' lang='lat' dir='ltr'>ne</span> <span class='ocrx_word' id='word_1_56' title='bbox 727 534 770 556; x_wconf 78' lang='lat' dir='ltr'>hoc</span> <span class='ocrx_word' id='word_1_57' title='bbox 784 534 856 563; x_wconf 80' lang='lat' dir='ltr'>ipsum</span> <span class='ocrx_word' id='word_1_58' title='bbox 873 534 960 556; x_wconf 81' lang='lat' dir='ltr'>serioris</span> <span class='ocrx_word' id='word_1_59' title='bbox 969 535 1135 564; x_wconf 69' lang='lat' dir='ltr'>interpolatoris</span> 
     </span>
     <span class='ocr_line' id='line_1_8' title="bbox 365 571 1135 600; baseline 0.001 -7"><span class='ocrx_word' id='word_1_60' title='bbox 365 572 473 600; x_wconf 82' lang='lat' dir='ltr'>judicium</span> <span class='ocrx_word' id='word_1_61' title='bbox 484 571 520 597; x_wconf 80' lang='lat' dir='ltr'>sit,</span> <span class='ocrx_word' id='word_1_62' title='bbox 536 579 549 592; x_wconf 84' lang='lat' dir='ltr'>a</span> <span class='ocrx_word' id='word_1_63' title='bbox 559 578 581 592; x_wconf 87' lang='lat' dir='ltr'>re</span> <span class='ocrx_word' id='word_1_64' title='bbox 591 575 614 592; x_wconf 84' lang='lat' dir='ltr'>et</span> <span class='ocrx_word' id='word_1_65' title='bbox 623 571 673 592; x_wconf 88' lang='lat' dir='ltr'>loco</span> <span class='ocrx_word' id='word_1_66' title='bbox 684 571 737 592; x_wconf 78' lang='lat' dir='ltr'>satis</span> <span class='ocrx_word' id='word_1_67' title='bbox 747 571 848 593; x_wconf 80' lang='lat' dir='ltr'>alienum.</span> <span class='ocrx_word' id='word_1_68' title='bbox 863 584 865 586; x_wconf 98' lang='lat'>-</span> <span class='ocrx_word' id='word_1_69' title='bbox 880 571 987 593; x_wconf 78' lang='lat' dir='ltr'>Prisciani</span> <span class='ocrx_word' id='word_1_70' title='bbox 996 572 1024 593; x_wconf 80' lang='lat' dir='ltr'>ab</span> <span class='ocrx_word' id='word_1_71' title='bbox 1034 571 1083 594; x_wconf 78' lang='lat' dir='ltr'>aliis</span> <span class='ocrx_word' id='word_1_72' title='bbox 1094 579 1135 594; x_wconf 75' lang='lat' dir='ltr'>au—</span> 
     </span>
     <span class='ocr_line' id='line_1_9' title="bbox 368 607 1135 638; baseline -0.001 -8"><span class='ocrx_word' id='word_1_73' title='bbox 368 609 490 630; x_wconf 81' lang='lat' dir='ltr'>ctoritatem</span> <span class='ocrx_word' id='word_1_74' title='bbox 506 615 618 637; x_wconf 77' lang='lat' dir='ltr'>perperam</span> <span class='ocrx_word' id='word_1_75' title='bbox 633 608 724 633; x_wconf 75' lang='lat' dir='ltr'>laudari,</span> <span class='ocrx_word' id='word_1_76' title='bbox 740 607 878 629; x_wconf 77' lang='lat' dir='ltr'>Burmannus</span> <span class='ocrx_word' id='word_1_77' title='bbox 893 608 971 630; x_wconf 83' lang='lat' dir='ltr'>docuit</span> <span class='ocrx_word' id='word_1_78' title='bbox 983 608 998 629; x_wconf 92' lang='lat' dir='ltr'>l.</span> <span class='ocrx_word' id='word_1_79' title='bbox 1007 616 1027 630; x_wconf 87' lang='lat' dir='ltr'>c.</span> <span class='ocrx_word' id='word_1_80' title='bbox 1056 607 1135 638; x_wconf 77' lang='lat' dir='ltr'>Nuper</span> 
     </span>
     <span class='ocr_line' id='line_1_10' title="bbox 368 644 1134 673; baseline 0 -6"><span class='ocrx_word' id='word_1_81' title='bbox 368 646 459 667; x_wconf 82' lang='lat' dir='ltr'>doctiss.</span> <span class='ocrx_word' id='word_1_82' title='bbox 471 645 510 671; x_wconf 91' lang='lat' dir='ltr'>vir,</span> <span class='ocrx_word' id='word_1_83' title='bbox 525 644 662 670; x_wconf 79' lang='lat' dir='ltr'>wernsdorf,</span> <span class='ocrx_word' id='word_1_84' title='bbox 679 644 723 666; x_wconf 86' lang='lat' dir='ltr'>hoc</span> <span class='ocrx_word' id='word_1_85' title='bbox 737 644 809 673; x_wconf 88' lang='lat' dir='ltr'>ipsum</span> <span class='ocrx_word' id='word_1_86' title='bbox 824 651 911 666; x_wconf 82' lang='lat' dir='ltr'>carmen</span> <span class='ocrx_word' id='word_1_87' title='bbox 925 644 1013 673; x_wconf 80' lang='lat' dir='ltr'>repetiit</span> <span class='ocrx_word' id='word_1_88' title='bbox 1029 645 1052 666; x_wconf 91' lang='lat' dir='ltr'>in</span> <span class='ocrx_word' id='word_1_89' title='bbox 1067 645 1134 667; x_wconf 74' lang='lat' dir='ltr'>Poet-</span> 
     </span>
     <span class='ocr_line' id='line_1_11' title="bbox 367 680 1133 711; baseline 0 -7"><span class='ocrx_word' id='word_1_90' title='bbox 367 682 445 704; x_wconf 84' lang='lat' dir='ltr'>minor.</span> <span class='ocrx_word' id='word_1_91' title='bbox 454 682 480 703; x_wconf 87' lang='grc' dir='ltr'>Τ.</span> <span class='ocrx_word' id='word_1_92' title='bbox 487 681 509 703; x_wconf 94' lang='lat'>11</span> <span class='ocrx_word' id='word_1_93' title='bbox 519 681 547 703; x_wconf 82' lang='lat' dir='ltr'>ad</span> <span class='ocrx_word' id='word_1_94' title='bbox 558 681 640 703; x_wconf 82' lang='lat' dir='ltr'>calcem</span> <span class='ocrx_word' id='word_1_95' title='bbox 647 680 740 710; x_wconf 75' lang='lat' dir='ltr'>Septimii</span> <span class='ocrx_word' id='word_1_96' title='bbox 751 681 821 703; x_wconf 81' lang='lat' dir='ltr'>Sereni</span> <span class='ocrx_word' id='word_1_97' title='bbox 829 681 1006 710; x_wconf 77' lang='lat' dir='ltr'>fragmentorum,</span> <span class='ocrx_word' id='word_1_98' title='bbox 1017 689 1082 711; x_wconf 88' lang='lat' dir='ltr'>quem</span> <span class='ocrx_word' id='word_1_99' title='bbox 1090 680 1133 704; x_wconf 80' lang='lat' dir='ltr'>hu-</span> 
     </span>
     <span class='ocr_line' id='line_1_12' title="bbox 363 718 1133 748; baseline 0 -7"><span class='ocrx_word' id='word_1_100' title='bbox 363 720 400 748; x_wconf 82' lang='lat' dir='ltr'>jus</span> <span class='ocrx_word' id='word_1_101' title='bbox 409 719 478 748; x_wconf 88' lang='lat' dir='ltr'>ipsius</span> <span class='ocrx_word' id='word_1_102' title='bbox 489 718 590 740; x_wconf 80' lang='lat' dir='ltr'>carminis</span> <span class='ocrx_word' id='word_1_103' title='bbox 599 721 709 740; x_wconf 78' lang='lat' dir='ltr'>auctorem</span> <span class='ocrx_word' id='word_1_104' title='bbox 719 725 767 739; x_wconf 81' lang='lat' dir='ltr'>esse</span> <span class='ocrx_word' id='word_1_105' title='bbox 778 718 846 740; x_wconf 82' lang='lat' dir='ltr'>malit.</span> <span class='ocrx_word' id='word_1_106' title='bbox 862 718 950 740; x_wconf 64' lang='lat' dir='ltr'>Adeunt</span> <span class='ocrx_word' id='word_1_107' title='bbox 958 721 1015 744; x_wconf 75' lang='lat' dir='ltr'>euin,</span> <span class='ocrx_word' id='word_1_108' title='bbox 1022 718 1059 748; x_wconf 87' lang='lat' dir='ltr'>qui</span> <span class='ocrx_word' id='word_1_109' title='bbox 1066 719 1133 748; x_wconf 69' lang='lat' dir='ltr'>plura</span> 
     </span>
     <span class='ocr_line' id='line_1_13' title="bbox 366 750 1137 778; baseline -0.003 -1"><span class='ocrx_word' id='word_1_110' title='bbox 366 757 395 778; x_wconf 79' lang='lat' dir='ltr'>ad</span> <span class='ocrx_word' id='word_1_111' title='bbox 406 756 533 778; x_wconf 77' lang='lat' dir='ltr'>illustranda</span> <span class='ocrx_word' id='word_1_112' title='bbox 543 755 609 777; x_wconf 85' lang='lat' dir='ltr'>verba</span> <span class='ocrx_word' id='word_1_113' title='bbox 618 755 720 776; x_wconf 83' lang='lat' dir='ltr'>carminis</span> <span class='ocrx_word' id='word_1_114' title='bbox 730 754 862 776; x_wconf 82' lang='lat' dir='ltr'>desiderant.</span> <span class='ocrx_word' id='word_1_115' title='bbox 1135 750 1137 761; x_wconf 70' lang='lat'>³</span> 
     </span>
    </p>

    <p class='ocr_par' dir='ltr' id='par_1_3' title="bbox 366 791 1141 1042">
     <span class='ocr_line' id='line_1_14' title="bbox 396 791 1133 821; baseline 0.001 -7"><span class='ocrx_word' id='word_1_116' title='bbox 396 793 498 814; x_wconf 80' lang='lat' dir='ltr'>Ceterum</span> <span class='ocrx_word' id='word_1_117' title='bbox 506 792 562 821; x_wconf 80' lang='lat' dir='ltr'>elegi</span> <span class='ocrx_word' id='word_1_118' title='bbox 572 792 595 813; x_wconf 85' lang='lat' dir='ltr'>hi</span> <span class='ocrx_word' id='word_1_119' title='bbox 605 799 650 813; x_wconf 86' lang='lat' dir='ltr'>non</span> <span class='ocrx_word' id='word_1_120' title='bbox 659 791 724 813; x_wconf 85' lang='lat' dir='ltr'>modo</span> <span class='ocrx_word' id='word_1_121' title='bbox 735 791 840 813; x_wconf 77' lang='lat' dir='ltr'>orationis</span> <span class='ocrx_word' id='word_1_122' title='bbox 851 791 956 813; x_wconf 77' lang='lat' dir='ltr'>Romanoe</span> <span class='ocrx_word' id='word_1_123' title='bbox 965 792 1081 821; x_wconf 67' lang='lat' dir='ltr'>elegantia,</span> <span class='ocrx_word' id='word_1_124' title='bbox 1092 791 1133 815; x_wconf 71' lang='lat' dir='ltr'>sed</span> 
     </span>
     <span class='ocr_line' id='line_1_15' title="bbox 367 828 1133 858; baseline 0.001 -7"><span class='ocrx_word' id='word_1_125' title='bbox 367 829 433 851; x_wconf 83' lang='lat' dir='ltr'>etiam</span> <span class='ocrx_word' id='word_1_126' title='bbox 444 832 491 851; x_wconf 80' lang='lat' dir='ltr'>toto</span> <span class='ocrx_word' id='word_1_127' title='bbox 508 828 610 851; x_wconf 82' lang='lat' dir='ltr'>carminis</span> <span class='ocrx_word' id='word_1_128' title='bbox 627 828 703 850; x_wconf 85' lang='lat' dir='ltr'>habitu</span> <span class='ocrx_word' id='word_1_129' title='bbox 719 828 830 858; x_wconf 84' lang='lat' dir='ltr'>cultuque,</span> <span class='ocrx_word' id='word_1_130' title='bbox 848 836 893 850; x_wconf 89' lang='lat' dir='ltr'>non</span> <span class='ocrx_word' id='word_1_131' title='bbox 903 829 1003 858; x_wconf 71' lang='lat' dir='ltr'>vulgares</span> <span class='ocrx_word' id='word_1_132' title='bbox 1021 832 1072 851; x_wconf 77' lang='lat' dir='ltr'>sunt</span> <span class='ocrx_word' id='word_1_133' title='bbox 1089 837 1133 852; x_wconf 85' lang='lat' dir='ltr'>nec</span> 
     </span>
     <span class='ocr_line' id='line_1_16' title="bbox 367 865 1137 895; baseline 0.001 -7"><span class='ocrx_word' id='word_1_134' title='bbox 367 866 520 888; x_wconf 84' lang='lat' dir='ltr'>contemnendi</span> <span class='ocrx_word' id='word_1_135' title='bbox 530 868 601 894; x_wconf 79' lang='lat' dir='ltr'>poetoe</span> <span class='ocrx_word' id='word_1_136' title='bbox 611 865 680 887; x_wconf 84' lang='lat' dir='ltr'>lusus.</span> <span class='ocrx_word' id='word_1_137' title='bbox 708 865 757 887; x_wconf 78' lang='lat' dir='ltr'>Etsi</span> <span class='ocrx_word' id='word_1_138' title='bbox 768 865 833 891; x_wconf 84' lang='lat' dir='ltr'>enim,</span> <span class='ocrx_word' id='word_1_139' title='bbox 843 866 925 894; x_wconf 77' lang='lat' dir='ltr'>majore</span> <span class='ocrx_word' id='word_1_140' title='bbox 935 873 962 887; x_wconf 82' lang='lat' dir='ltr'>ex</span> <span class='ocrx_word' id='word_1_141' title='bbox 971 868 1039 895; x_wconf 78' lang='lat' dir='ltr'>parte,</span> <span class='ocrx_word' id='word_1_142' title='bbox 1056 867 1137 889; x_wconf 72' lang='lat' dir='ltr'>eurum¹</span> 
     </span>
     <span class='ocr_line' id='line_1_17' title="bbox 367 901 1134 931; baseline 0.003 -8"><span class='ocrx_word' id='word_1_143' title='bbox 367 910 444 927; x_wconf 84' lang='lat' dir='ltr'>rerum,</span> <span class='ocrx_word' id='word_1_144' title='bbox 462 910 510 931; x_wconf 81' lang='lat' dir='ltr'>quae</span> <span class='ocrx_word' id='word_1_145' title='bbox 520 902 548 924; x_wconf 82' lang='lat' dir='ltr'>ad</span> <span class='ocrx_word' id='word_1_146' title='bbox 561 901 692 923; x_wconf 79' lang='lat' dir='ltr'>hilaritatem</span> <span class='ocrx_word' id='word_1_147' title='bbox 702 901 792 924; x_wconf 79' lang='lat' dir='ltr'>invitare</span> <span class='ocrx_word' id='word_1_148' title='bbox 804 906 902 931; x_wconf 83' lang='lat' dir='ltr'>possunt,</span> <span class='ocrx_word' id='word_1_149' title='bbox 920 902 1083 925; x_wconf 79' lang='lat' dir='ltr'>enumeratione</span> <span class='ocrx_word' id='word_1_150' title='bbox 1094 903 1134 925; x_wconf 81' lang='lat' dir='ltr'>ab·</span> 
     </span>
     <span class='ocr_line' id='line_1_18' title="bbox 366 939 1139 970; baseline 0.003 -9"><span class='ocrx_word' id='word_1_151' title='bbox 366 940 490 961; x_wconf 73' lang='lat' dir='ltr'>solvuntur:</span> <span class='ocrx_word' id='word_1_152' title='bbox 508 946 542 961; x_wconf 86' lang='lat' dir='ltr'>res</span> <span class='ocrx_word' id='word_1_153' title='bbox 558 942 631 960; x_wconf 75' lang='lat' dir='ltr'>tamen</span> <span class='ocrx_word' id='word_1_154' title='bbox 642 941 693 960; x_wconf 80' lang='lat' dir='ltr'>sunt</span> <span class='ocrx_word' id='word_1_155' title='bbox 703 939 807 968; x_wconf 78' lang='lat' dir='ltr'>jucundoe</span> <span class='ocrx_word' id='word_1_156' title='bbox 817 942 840 961; x_wconf 73' lang='lat' dir='ltr'>et</span> <span class='ocrx_word' id='word_1_157' title='bbox 855 939 883 960; x_wconf 86' lang='lat' dir='ltr'>ad</span> <span class='ocrx_word' id='word_1_158' title='bbox 892 939 988 961; x_wconf 70' lang='lat' dir='ltr'>animum</span> <span class='ocrx_word' id='word_1_159' title='bbox 997 940 1139 970; x_wconf 65' lang='lat' dir='ltr'>mensumque¹</span> 
     </span>
     <span class='ocr_line' id='line_1_19' title="bbox 366 975 1134 1005; baseline 0.005 -9"><span class='ocrx_word' id='word_1_160' title='bbox 366 979 439 1005; x_wconf 74' lang='lat' dir='ltr'>gmtae.</span> <span class='ocrx_word' id='word_1_161' title='bbox 469 975 610 997; x_wconf 75' lang='lat' dir='ltr'>Auetumuali</span> <span class='ocrx_word' id='word_1_162' title='bbox 626 978 698 997; x_wconf 81' lang='lat' dir='ltr'>sutem</span> <span class='ocrx_word' id='word_1_163' title='bbox 714 975 749 997; x_wconf 86' lang='lat' dir='ltr'>die</span> <span class='ocrx_word' id='word_1_164' title='bbox 762 975 885 998; x_wconf 74' lang='lat' dir='ltr'>institutam</span> <span class='ocrx_word' id='word_1_165' title='bbox 895 976 1084 1005; x_wconf 74' lang='lat' dir='ltr'>compotationem</span> <span class='ocrx_word' id='word_1_166' title='bbox 1094 985 1134 1000; x_wconf 79' lang='grc' dir='ltr'>ω-</span> 
     </span>
     <span class='ocr_line' id='line_1_20' title="bbox 366 1012 1141 1042; baseline -0.004 -7"><span class='ocrx_word' id='word_1_167' title='bbox 366 1013 433 1042; x_wconf 75' lang='lat' dir='ltr'>giture</span> <span class='ocrx_word' id='word_1_168' title='bbox 444 1020 532 1035; x_wconf 82' lang='lat' dir='ltr'>necesse</span> <span class='ocrx_word' id='word_1_169' title='bbox 543 1016 585 1034; x_wconf 80' lang='lat' dir='ltr'>est.</span> <span class='ocrx_word' id='word_1_170' title='bbox 596 1012 625 1034; x_wconf 77' lang='lat' dir='ltr'>cf.</span> <span class='ocrx_word' id='word_1_171' title='bbox 635 1020 655 1034; x_wconf 84' lang='lat' dir='ltr'>v.</span> <span class='ocrx_word' id='word_1_172' title='bbox 668 1012 702 1034; x_wconf 87' lang='lat' dir='ltr'>ll.</span> <span class='ocrx_word' id='word_1_173' title='bbox 1139 1014 1141 1017; x_wconf 82' lang='grc'>’</span> 
     </span>
    </p>
   </div>
  </div>
 </body>
</html>
